@ARTICLE{01,
  author={Wilson, A. N. and Kumar, Abhinav and Jha, Ajit and Cenkeramaddi, Linga Reddy},
  journal={IEEE Sensors Journal}, 
  title={Embedded Sensors, Communication Technologies, Computing Platforms and Machine Learning for UAVs: A Review}, 
  year={2022},
  volume={22},
  number={3},
  pages={1807-1826},
  doi={10.1109/JSEN.2021.3139124}}

@ARTICLE{02,
  author={Shakhatreh, Hazim and Sawalmeh, Ahmad H. and Al-Fuqaha, Ala and Dou, Zuochao and Almaita, Eyad and Khalil, Issa and Othman, Noor Shamsiah and Khreishah, Abdallah and Guizani, Mohsen},
  journal={IEEE Access}, 
  title={Unmanned Aerial Vehicles (UAVs): A Survey on Civil Applications and Key Research Challenges}, 
  year={2019},
  volume={7},
  number={},
  pages={48572-48634},
  doi={10.1109/ACCESS.2019.2909530}}



@ARTICLE{14,
  author={Shakeri, Reza and Al-Garadi, Mohammed Ali and Badawy, Ahmed and Mohamed, Amr and Khattab, Tamer and Al-Ali, Abdulla Khalid and Harras, Khaled A. and Guizani, Mohsen},
  journal={IEEE Communications Surveys & Tutorials}, 
  title={Design Challenges of Multi-UAV Systems in Cyber-Physical Applications: A Comprehensive Survey and Future Directions}, 
  year={2019},
  volume={21},
  number={4},
  pages={3340-3385},
  doi={10.1109/COMST.2019.2924143}}
